

@inproceedings{1323562,
 author = {Bryan Veal and Annie Foong},
 title = {Performance scalability of a multi-core web server},
 booktitle = {ANCS '07: Proceedings of the 3rd ACM/IEEE Symposium on Architecture for networking and communications systems},
 year = {2007},
 isbn = {978-1-59593-945-6},
 pages = {57--66},
 location = {Orlando, Florida, USA},
 doi = {http://doi.acm.org/10.1145/1323548.1323562},
 publisher = {ACM},
 address = {New York, NY, USA},
}

@article{279423,
    author = {Mats Bj\"{o}rkman and Per Gunningberg},
    title = {Performance modeling of multiprocessor implementations of protocols},
    journal = {IEEE/ACM Transactions on Networking (TON)},
    volume = {6},
    number = {3},
    year = {1998},
    issn = {1063-6692},
    pages = {262--273},
    doi = {http://dx.doi.org/10.1109/90.700890},
    publisher = {IEEE Press},
    address = {Piscataway, NJ, USA},
 }

@article{jacobson2006mph,
  title={{A modest proposal to help speed up \& scale up the linux networking stack}},
  author={Jacobson, V. and Felderman, B.},
  journal={Proceedings of Linux Conference Australia (LCA)},
  year={2006},
  month={January},
  pages={23--28}
}


@inproceedings{DBLP:conf/pam/PrasadJD04,
    author    = {Ravi Prasad and Manish Jain and Constantinos Dovrolis},
    title     = {Effects of Interrupt Coalescence on Network Measurements},
    booktitle = {Proceedings of the Passive \& Active Measurement Workshop (PAM)},
    year      = {2004},
    pages     = {247-256},
    ee        = {http://springerlink.metapress.com/openurl.asp?genre=article{\&}issn=0302-9743{\&}volume=3015{\&}spage=247},
    crossref  = {DBLP:conf/pam/2004},
    bibsource = {DBLP, http://dblp.uni-trier.de}
}

@proceedings{DBLP:conf/pam/2004,
  editor    = {Chadi Barakat and
               Ian Pratt},
  title     = {Passive and Active Network Measurement, 5th International
               Workshop, PAM 2004, Antibes Juan-les-Pins, France, April
               19-20, 2004, Proceedings},
  booktitle = {PAM},
  publisher = {Springer},
  series    = {Lecture Notes in Computer Science},
  volume    = {3015},
  year      = {2004},
  isbn      = {3-540-21492-5},
  bibsource = {DBLP, http://dblp.uni-trier.de}
}



@misc{fireenginertripapthwhitepaper,
    title = "FireEngine - A new networking architecture for the Solaris operating system.",
    howpublished = "White Paper",
    URL =          {www.sun.com/bigadmin/content/networkperf/FireEngine\_WP.pdf},
    month = "November",
    year = "2004",
    author = "Sunay Tripathi",
 }


@article{263335,
    author = {Jeffrey C. Mogul and K. K. Ramakrishnan},
    title = {Eliminating receive livelock in an interrupt-driven kernel},
    journal = {ACM Transactions on Computer Systems},
    volume = {15},
    number = {3},
    year = {1997},
    issn = {0734-2071},
    pages = {217--252},
    doi = {http://doi.acm.org/10.1145/263326.263335},
    publisher = {ACM},
    address = {New York, NY, USA},
 }



@inproceedings{1268506,
    author = {Jamal Hadi Salim and Robert Olsson and Alexey Kuznetsov},
    title = {Beyond Softnet},
    booktitle = {Proceedings of the 5th annual conference on Linux Showcase \& Conference (ALS) },
    year = {2001},
    pages = {18--18},
    location = {Oakland, California},
    publisher = {USENIX Association},
    address = {Berkeley, CA, USA},
 }



@Misc{RFC0896,
    author =       "John Nagle",
    title =        "{RFC 896}: Congestion control in {IP}\slash {TCP} internetworks",
    day =          "6",
    month =        "January",
    year =         "1984",
}

@article{333076,
    author = {Gene M. Amdahl},
    title = {Validity of the single processor approach to achieving large scale computing capabilities},
    book = {Readings in computer architecture},
    year = {2000},
    isbn = {1-55860-539-8},
    pages = {79--81},
    publisher = {Morgan Kaufmann Publishers Inc.},
    address = {San Francisco, CA, USA},
}



@Manual{Int07,
  note = 	"Basic Architecture",
  organization = "Intel",
  title =	"Intel 64 and IA-32 Architectures Optimization Reference Manual",
  year = 	"2007",
  URL =  	"http://developer.intel.com/design/processor/manuals/248966.pdf",
}

@article{agarwal00clock,
    author = {Vikas Agarwal and M. S. Hrishikesh and Stephen W. Keckler and Doug Burger},
    title = "Clock rate versus {IPC: T}he end of the road for conventional microarchitectures",
    journal = {SIGARCH Computer Architecture News},
    volume = {28},
    number = {2},
    year = {2000},
    issn = {0163-5964},
    pages = {248--259},
    doi = {http://doi.acm.org/10.1145/342001.339691},
    publisher = {ACM},
    address = {New York, NY, USA},
}


@inproceedings{1267367,
	 author = {Paul Willmann and Scott Rixner and Alan L. Cox},
	 title = {An evaluation of network stack parallelization strategies in modern operating systems},
	 booktitle = {Proceedings of the Annual Technical Conference on USENIX'06 Annual Technical Conference (USENIX-ATC)},
	 year = {2006},
	 pages = {8--8},
	 location = {Boston, MA},
	 publisher = {USENIX Association},
	 address = {Berkeley, CA, USA},
 }

@article{629143,
 author = {Squiillante,, M. S. and Lazowska,, E. D.},
 title = {Using Processor-Cache Affinity Information in Shared-Memory Multiprocessor Scheduling},
 journal = {IEEE Trans. Parallel Distrib. Syst.},
 volume = {4},
 number = {2},
 year = {1993},
 issn = {1045-9219},
 pages = {131--143},
 doi = {http://dx.doi.org/10.1109/71.207589},
 publisher = {IEEE Press},
 address = {Piscataway, NJ, USA},
 }



@misc{Nehalem,
	 title = "First the Tick, Now the Tock: Next Generation IntelÂ® Microarchitecture (Nehalem)",
	 howpublished = "\url{www.intel.com/technology/architecture-silicon/next-gen/whitepaper.pdf}",
	 year = "2008",
	 author = "Intel White Paper",
}

@misc{rss,
	 title = "Scalable Networking: Eliminating the Receive Processing Bottleneck Introducing RSS",
	 howpublished = "\url{http://www.microsoft.com/whdc/device/network/NDIS\_RSS.mspx}",
	 year = "2004",
	 author = "Microsoft White Paper",
}

@inproceedings{foong2004dai,
    title     = {An in-depth analysis of the impact of processor affinity on network performance},
    author    = {Foong, A. and Fung, J. and Newell, D.},
    booktitle = {Proceedings of the 12th IEEE International Conference on Networks (ICON)},
    year      = {2004}
}

@article{258686,
	 author = {Erich Nahum and David Yates and Jim Kurose and Don Towsley},
	 title = {Cache behavior of network protocols},
	 journal = {SIGMETRICS Performance Evaluation Review},
	 volume = {25},
	 number = {1},
	 year = {1997},
	 issn = {0163-5999},
	 pages = {169--180},
	 doi = {http://doi.acm.org/10.1145/258623.258686},
	 publisher = {ACM},
	 address = {New York, NY, USA},
 }

@inproceedings{1217961,
    author = {Tim Brecht and G. (John) Janakiraman and Brian Lynn and Vikram Saletore and Yoshio Turner},
    title = {Evaluating network processing efficiency with processor partitioning and asynchronous I/O},
    booktitle = {Proceedings of the 2006 EuroSys conference (EuroSys)},
    year = {2006},
    isbn = {1-59593-322-0},
    pages = {265--278},
    location = {Leuven, Belgium},
    doi = {http://doi.acm.org/10.1145/1217935.1217961},
    publisher = {ACM Press},
    address = {New York, NY, USA},
}

@article{110815,
    author = {Norman C. Hutchinson and Larry L. Peterson},
    title = {The x-Kernel: An Architecture for Implementing Network Protocols},
    journal = {IEEE Transactions on Software Engineering},
    volume = {17},
    number = {1},
    year = {1991},
    issn = {0098-5589},
    pages = {64--76},
    doi = {http://dx.doi.org/10.1109/32.67579},
    publisher = {IEEE Press},
    address = {Piscataway, NJ, USA},
}

@InProceedings{conf/comsware/BhattacharyaA06,
    title =	"A measurement study of the Linux {TCP}/{IP} stack performance and scalability on {SMP} systems",
    author =	"Shourya P. Bhattacharya and Varsha Apte",
    publisher =	"IEEE",
    year = 	"2006",
    bibdate =	"2006-11-09",
    bibsource =	"DBLP, http://dblp.uni-trier.de/db/conf/comsware/comsware2006.html#BhattacharyaA06",
    booktitle =	"Proceedings of the First International Conference on {COM}munication System soft{WA}re and Middlewa{RE} (COMSWARE)",
    crossref =	"conf/comsware/2006",
}

@proceedings{conf/comsware/2006,
  title     = {Proceedings of the First International Conference on COMmunication
               System softWAre and MiddlewaRE (COMSWARE 2006), January
               8-12, 2006, New Delhi, India},
  booktitle = {COMSWARE},
  publisher = {IEEE},
  year      = {2006},
  bibsource = {DBLP, http://dblp.uni-trier.de}
}

@inproceedings{ conf/SPECTS/AIPNPCA,
    author    = {Matthew Faulkner and Matthew Jakeman and Steve Pink},
    title     = {Architectural Implications of Performing Network Protocol Processing Closer to the Application},
    booktitle = {Proceedings of the International Symposium on Performance Evaluation of Computer and Telecommunication Systems (SPECTS)},
    year      = {2007},
}


@inproceedings{conf/hpc/RI2N,
    title     = "{RI2N}: {I}nterconnection Network System for Clusters with Wide-Bandwidth and Fault-Tolerancy Based on Multiple Links",
    author    = "Shinichi Miura and Taisuke Boku and Mitsuhisa Sato and Daisuke Takahashi",
    year      = "2003",
    booktitle = "Proceedings of the 5th International Symposium on High Performance Computing (ISHPC)",
    pages     = "342--351",
    month     = "October",
    location  = "Japan",
}

@misc{misc/netperf,
	 title = "netperf - a network performance toolkit",
	 howpublished = "\url{http://www.netperf.org/netperf/}"
	 author = "HP",
}

@misc{misc/lmbench,
	 title = "LMbench - Tools for Performance Analysis",
	 howpublished = "\url{http://www.bitmover.com/lmbench/}"
}

@misc{misc/oprofile,
 title = "OProfile - A System Profiler for Linux",
  howpublished = "\url{http://oprofile.sourceforge.net/}"
}

@inproceedings{808204,
    author    = {Mark S. Papamarcos and Janak H. Patel},
    title     = {A low-overhead coherence solution for multiprocessors with private cache memories},
    booktitle = {Proceedings of the 11th annual international symposium on Computer architecture (ISCA)},
    year      = {1984},
    isbn      = {0-8186-0538-3},
    pages     = {348--354},
    doi       = {http://doi.acm.org/10.1145/800015.808204},
    publisher = {ACM},
    address   = {New York, NY, USA},
}

@misc{jumbo,
    author = {Alteon Networks},
    title = {Extended Frame Sizes for Next Generation Ethernets},
    year = {1998},
    month = {January},
}

@inproceedings{sterling95beowulf,
    author = "T. Sterling and D. Savarese and D. J. Becker and J. E. Dorband and U. A. Ranawake and C. V. Packer",
    title = "{BEOWULF}: {A} Parallel Workstation for Scientific Computation",
    booktitle = "Proceedings of the 24th International Conference on Parallel Processing (ICPP)",
    pages = "11--14",
    year = "1995",
}
