@InProceedings{morselli03trust,
  author = {R. Morselli and S. Bhattacharjee and J. Katz and P. Keleher},
  title = {Trust preserving set operations},
  booktitle = {Proc. of IEEE Infocom},
  year = {2004},
  month = {March}
  }

@InProceedings{DDoS_p2p05,
  author    = {D. Dumitriu and E. Knightly and A. Kuzmanovic and I. Stoica and W. Zwaenepoel},
  title     = {Denial-of-Service Resilience in Peer-to-Peer File Sharing Systems},
  booktitle = {Proc. of ACM SIGMETRICS},
  year      = {2005},
  month     = {June},
  pages     = {38--49}
 }

@inproceedings{limited_reputation,
 author = {Sergio Marti and Hector Garcia-Molina},
 title = {Limited reputation sharing in P2P systems},
 booktitle = {Proceedings of the 5th ACM conference on Electronic commerce},
 year = {2004},
 pages = {91--101},
 }

@InProceedings{chord01,
  author    = {I. Stoica and R. Morris and D. Karger and F. Kaashoek and H. Balakrishnan},
  title     = {Chord: A scalable Peer-To-Peer lookup service for internet applications},
  booktitle = {Proc. of ACM SIGCOMM},
  year      = {2001},
  month     = {August},
  pages     = {149-160}
 }

@InProceedings{can01,
  author    = {S. Ratnasamy and P. Francis and M. Handley and R. Karp and S. Shenker},
  title     = {A scalable content-addressable network},
  booktitle = {Proc. of ACM SIGCOMM},
  year      = {2001},
  month     = {August},
  pages     = { }
 }

@InProceedings{pastry01,
  author    = {A. Rowstron and P. Druschel},
  title     = {Pastry: Scalable, distributed object location and routing for large-scale peer-to-peer systems},
  booktitle = {Proc. of the 18th IFIP/ACM International Conference on Distributed Systems Platforms},
  year      = {2001},
  month     = {November},
  pages     = { }
 }

@InProceedings{dhtsec,
  author    = {E. Sit and R. Morris },
  title     = {Security Considerations for Peer-to-Peer Distributed Hash Tables},
  booktitle = {Proc. of IPTPS},
  year      = {2002},
  month     = {March},
  pages     = { }
 }

@InProceedings{dhtmanet01,
  author    = {H. Pucha and S. M. Das and Y. C. Hu},
  title     = {How to Implement {DHT}s in Mobile Ad Hoc Networks?},
  booktitle = {Proc. of the 10th ACM International Conference on Mobile Computing and Network (MobiCom 2004)},
  year      = {2004},
  month     = {September},
  pages     = { }
 }

@InProceedings{past,
  author    = {P. Druschel and A. Rowstron},
  title     = {A large-scale, persistent peer-to-peer storage utility},
  booktitle = {Proceedings of the Eighth Workshop on Hot Topics in Operating Systems (HotOS VIII)},
  year      = {2001},
  month     = {May},
  pages     = {75-80}
 }

@InProceedings{split,
  author    = {M. Castro and P. Druschel and A.-M. Kermarrec and A. Nandi and A. Rowstron and A. Singh},
  title     = {Splitstream: High-bandwidth multicast in a cooperative environment},
  booktitle = {Proc. of ACM SOSP},
  year      = {2003},
  month     = {October},
  pages     = { }
 }

@InProceedings{dabek01,
  author    = {F. Dabek and M. F. Kaashoek and D. Karger and R. Morris and I. Stoica.},
  title     = {Wide-area cooperative storage with {CFS}},
  booktitle = {Proc. of ACM SOSP},
  year      = {2001},
  month     = {October},
  pages     = { }
 }

@InProceedings{oceanstore,
  author    = {J. Kubiatowicz},
  title     = {Oceanstore: An Architecture for Global-Scalable Persistent Storage},
  booktitle = {Proc. of the ASPLOS 2000},
  year      = {2000},
  month     = {November},
  pages     = { }
 }

@InProceedings{churn1,
  author    = {S. Rhea and D. Geels and T. Roscoe and J. Kubiatowicz},
  title     = {Handling Churn in a {DHT}},
  booktitle = {Proc. of the USENIX Annual Technical Conference},
  year      = {2004},
  month     = {June},
  pages     = {}
 }

@ARTICLE{typhoon,
     author    = {H-C. Hsiao  and C-T.  King and C-W.  Wang},
     title     = {Typhoon:  Mobile Distributed Hash Tables},
     volume    = {65},
     number    = {2},
     year      = {2005},
     pages     = {191-206},
     journal   = {Parallel  and Distributed Computing, Special Issue  on Theoretical and  Algorithmic Aspects of  Sensor, Ad Hoc Wireless, and Peer-to-Peer Networks}
}

@inproceedings{balakrishnan2005peering,
   author =       {H. Balakrishnan and S. Shenker and M. Walfish},
   title =        {Peering Peer-to-Peer Providers},
   booktitle =    {Proc. of IPTPS},
   year =         {2005},
   month =        {February},
   address =      {Ithaca, NY}
}

@inproceedings{Yalagandula04scalable,
 author = {P. Yalagandula and M. Dahlin},
 title = {A scalable distributed information management system},
 booktitle = {Proc. of ACM SIGCOMM},
 year = {2004},
 isbn = {1-58113-862-8},
 pages = {379--390},
 location = {Portland, Oregon, USA},
 doi = {http://doi.acm.org/10.1145/1015467.1015509},
 publisher = {ACM Press},
 address = {New York, NY, USA},
 }

@inproceedings{Kwon03Efficient,
  author    = {G. Kwon and K. D. Ryu},
  title     = {An Efficient Peer-to-Peer File Sharing Exploiting Hierarchy and Asymmetry},
  booktitle = {SAINT},
  year      = {2003},
  pages     = {226-233},
}

@inproceedings{Gummadi03impact,
 author = {K. Gummadi and R. Gummadi and S. Gribble and S. Ratnasamy and S. Shenker and I. Stoica},
 title = {The impact of DHT routing geometry on resilience and proximity},
 booktitle = {Proc. of ACM SIGCOMM},
 year = {2003},
 isbn = {1-58113-735-4},
 pages = {381--394},
 location = {Karlsruhe, Germany},
 doi = {http://doi.acm.org/10.1145/863955.863998},
 publisher = {ACM Press},
 address = {New York, NY, USA},
 }

@inproceedings{li04comparing,
  title = {Comparing the performance of distributed hash tables under churn},
  author = {J. Li and J. Stribling and T. M. Gil and R. Morris and M. F. Kaashoek},
  booktitle = {Proc. of IPTPS},
  year = {2004},
  month = {February},
  address = {San Diego, CA},
}

@InProceedings{structuredp2p,
  author    = {J. Eberspaecher and R. Schollmeier and S. Zoels and G. Kunzmann},
  title     = {Structured {P2P} Networks in Mobile and Fixed Environments},
  booktitle = {Proc. of the 2nd International Workshop  on Performance Modelling and Evaluation of Heterogeneous Networks (HET-NETs '04)},
  year      = {2004},
  month     = {July},
  pages     = {}
 }

@ARTICLE{scribe,
     author    = {M. Castro and P. Druschel and A-M. Kermarrec  and A. Rowstron},
   title     = {{SCRIBE}: A large-scale and decentralised application-level multicast infrastructure},
     volume    = {20},
     number    = {8},
     year      = {2002},
     pages     = { },
     journal   = {IEEE Journal on Selected Areas in Communications (JSAC) (Special issue on Network Support for Multicast Communications}
}

@ARTICLE{tornado,
     author    = {H-C. Hsiao  and C-T.  King},
   title     = {Tornado: A  Capability-Aware Peer-to -Peer Storage Overlay},
     volume    = {64},
     number    = {6},
     year      = {2004},
     pages     = {747-758},
     journal   = {Parallel  and Distributed Computing, Special Issue on Middleware}
}

@InProceedings{mobilechurn,
  author    = {H-C. Hsiao and C-T. King},
  title     = {Mobility Churn in {DHT}s},
  booktitle = {Proc. of the 1st International Workshop  on Mobility in  Peer-to-Peer Systems (MPPS'05)  in conjunction with the 25th IEEE International Conference on Distributed Computing Systems  (ICDCS'05)},
  year      = {2005},
  month     = {June},
  pages     = {799-805}
 }

@ARTICLE{tapestry01,
     author    = {B. Y. Zhao and L. Huang and J. Stribling and S. C. Rhea and A. D. Joseph and J. Kubiatowicz},
   title     = {Tapestry: A Resilient Global-scale Overlay for Service Deployment},
     volume    = {22},
     number    = {1},
     year      = {2004},
     pages     = {41-53},
     journal   = {IEEE Journal on Selected Areas in Communications}
}

@InProceedings{kar04,
  author    = {D. R. Karger and M. Ruhl},
  title     = {Simple Efficient Load Balancing Algorithms for Peer-to-Peer Systems},
  booktitle = {ACM Symposium on Parallelism in Algorithms and Architectures},
  year      = {2004},
  month     = {June},
  pages     = {36-43}
 }

@InProceedings{bri05,
  author    = {P. Brighten Godfrey and I. Stoica},
  title     = {Heterogeneity and Load Balance in Distributed Hash Tables},
  booktitle = {Proc. of IEEE INFOCOM},
  year      = {2005},
  month     = {March},
  pages     = { }
 }

@InProceedings{bittorrent,
  author    = {D. Qiu and R. Srikant},
  title     = {Modeling and performance analysis of BitTorrent-like peer-to-peer networks},
  booktitle = {Proc. of ACM SIGCOMM},
  year      = {2004},
  month     = {August},
  pages     = {367-378 }
 }

@InProceedings{token,
  author    = {B. Leong and J. Li},
  title     = {Achieving One-Hop DHT Lookup and Strong Stabilization by Passing Tokens},
  booktitle = {Proc. of the 12th International Conference on Networks (ICON), (Singapore)},
  year      = {2004},
  month     = {Nov.},
  pages     = { }
 }

@InProceedings{overhead,
  author    = {Z. Xu and R. Min and Y. Hu},
  title     = {Reducing Maintenance Overhead in DHT Based Peer-to-Peer Algorithms},
  booktitle = {Proc. of the 3rd International Conference on Peer-to-Peer Computing},
  year      = {2003}
 }

@InProceedings{sip,
  author    = {K. Singh and H. Schulzrinne},
  title     = {Peer-to-peer Internet Telephony using SIP},
  booktitle = {Proc. of the International Workshop on Network and Operating System Support For Digital Audio and Video},
  year      = {2005},
  pages     = {63-68}
 }

 @InProceedings{japster,
  author    = {S. Wang and H. Ko and Y. Zhuang},
  title     = {Japster: An Improved Peer-to-Peer Network Architecture},
  booktitle = {Proc. of the Embedded and Ubiquitous Computing: International Conference EUC 2004},
  year      = {2004},
  month     = {August}
 }

@InProceedings{balancing,
  author    = {J. Liu and M. Adler},
  title     = {Load Balancing in Hypercubic Distributed Hash Tables with Heterogeneous Processors},
  booktitle = {Proc. of Algorithms – ESA 2004: 12th Annual European Symposium},
  year      = {2004},
  month     = {September}
 }

 @inproceedings{dhtcomparison,
  author = {J. Li and J. Stribling and R. Morris and M. Frans Kaashoek and T. M. Gil},
  title = {A performance vs. cost framework for evaluating DHT design tradeoffs under churn},
  booktitle = {Proc. of IEEE INFOCOM},
  year = {2005},
  month = {March},
  address = {Miami, FL},
}

@inproceedings{cox02dns,
 author = {R. Cox and A. Muthitacharoen and R. Morris},
 title = {Serving DNS Using a Peer-to-Peer Lookup Service},
 booktitle = {Proc. of IPTPS},
 year = {2002},
 isbn = {3-540-44179-4},
 pages = {155--165},
 publisher = {Springer-Verlag},
 address = {London, UK},
 }

@inproceedings{sgg02,
 author = {S. Saroiu and P. K. Gummadi and S. D. Gribble},
 title  = {A Measurement Study of Peer-to-Peer File Sharing Systems},
 booktitle = {Proc. of MMCN},
 year = {2002}
 }

@misc{akamai,
 author = {http://www.akamai.com},
 title  = {Akamai}
}

@MISC{gtitm,
  author =       {K. Calvert and E. Zegura},
  title =        {GeorgiaTech Internetwork Topology Models},
  howpublished = {http://www.cc.gatech.edu/projects/gtitm}
}

@misc{court,
 author = {http://www.supremecourtus.gov/opinions/04pdf/04{-}480.pdf},
 title  = {Supreme Court of the United States},
 note = {No. 04.480. Argued March 29, 2005.Decided June 27, 2005}
}

@inproceedings{zipf,
 author    = {K. Sripanidkulchai},
 title     = {The popularity of Gnutella queries and its implications on scalability},
 booktitle = {O’Reilly’s http://www.openp2p.com},
 month     = {Feb.},
 year      = {2001}
 }

@ARTICLE{provision,
     author    = {C. Fraleigh and S. Moon and B. Lyles and C. Cotton and M. Khan and D. Moll and R. Rockell and T. Seely and C. Diot},
     title     = {Packet-level Traffic Measurement from the Sprint {IP} Backbone},
     month     = {Nov.},
     year      = {2003},
     journal   = {IEEE Network Magazine}
}
