@inproceedings{Spognardi06Formal,
  author    = {Angelo Spognardi and Roberto Di Pietro},
  title     = {A Formal Framework for the Performance Analysis of {P2P} Networks Protocols},
  booktitle = {Proc. of the 3rd International Workshop on Hot Topics in Peer-to-Peer Systems (Hot-P2P)},
  year      = {2006},
  month     = {April},
  address   = {Rhodes Island, Greece}
}

@inproceedings{Rowstron01Pastry,
  author    = {Antony Rowstron and Peter Druschel},
  title     = {{Pastry}: Scalable, Distributed Object Location and Routing for Large-scale Peer-to-Peer Systems},
  booktitle = {Proc. of the 18th IFIP/ACM International Conference on Distributed Systems Platforms (Middleware)},
  year      = {2001},
  month     = {November},
  address   = {Heidelberg, Germany}
}

@inproceedings{Brampton06Stealth,
  author    = {Andrew Brampton and Andrew MacQuire and Idris A. Rai and Nicholas J. P. Race and Laurent Mathy},
  title     = {{S}tealth {D}istributed {H}ash {T}able: A Robust and Flexible Super-Peered {DHT}},
  booktitle = {Proc. of the 2nd Conference on Future Networking Technologies (CoNEXT)},
  year      = {2006},
  month     = {December},
  address   = {Lisbon, Portugal}
}

@ARTICLE{Zhao04Tapestry,
     author    = {B. Y. Zhao and L. Huang and J. Stribling and S. C. Rhea and A. D. Joseph and J. Kubiatowicz},
    title     = {Tapestry: A Resilient Global-scale Overlay for Service Deployment},
     volume    = {22},
     number    = {1},
     year      = {2004},
     pages     = {41-53},
     journal   = {IEEE Journal on Selected Areas in Communications}
}

@InProceedings{Stoica01Chord,
  author    = {I. Stoica and R. Morris and D. Karger and F. Kaashoek and H. Balakrishnan},
  title     = {Chord: A scalable Peer-To-Peer lookup service for {I}nternet applications},
  booktitle = {Proc. of ACM SIGCOMM},
  year      = {2001},
  month     = {August},
  pages     = {149-160}
 }

@InProceedings{Ratnasamy01Scalable,
  author    = {S. Ratnasamy and P. Francis and M. Handley and R. Karp and S. Shenker},
  title     = {A scalable content-addressable network},
  booktitle = {Proc. of ACM SIGCOMM},
  year      = {2001},
  month     = {August}
 }

@Book{Garcia94Probability,
  author = {A. Leon-Garcia},
  title = {Probability and Random Processes for Electrical Engineering},
  edition = {Second},
  publisher = {Addison-Wesley},
  location = {Reading, Massachusetts},
  year = {1994}
}

@article    {Calvert97Modeling,
  author  = {Kenneth L. Calvert and Matthew B. Doar and Ellen W. Zegura},
  title   = {Modeling {I}nternet Topology},
  journal = {IEEE Communications Magazine},
  volume  = {35},
  number  = {6},
  year    = {1997},
  month   = {June},
  pages   = {160--163}
}

@InProceedings{Maymounkov02Kademlia,
  author  = {P. Maymounkov and D. Mazieres},
  title   = {Kademlia: A peer-topeer information system based on the XOR metric},
  booktitle  = {Proc. 1st International Workshop on Peer-to-Peer Systems},
  year    = {2002}
}

@InProceedings{Malikh02Viceroy,
  author  = {D. Malick and M. Noar and D. Ratajczak},
   title   = {Viceroy: A scalable and dynamic emulation of the butterfly },
  booktitle = {Proc. of Principles of Distributed Computing (PODC 2002)},
  year    = {2002}
}

@InProceedings{Spognardi02Bart,
  author    = {A. Spognardi and R. Di Pietro and L. V. Mancini},
  title     = {{BaRT}, balanced randomized tree: A scalable and distributed protocol for lookup in peer-to-peer networks},
  booktitle = {Proc. of the 1st International Workshop on Hot Topics in Peer-to-Peer Systems (Hot-P2P'04)},
  year      = {2004}
}

@InProceedings{Kaashoek03Koorde,
  author    = {M. Frans Kaashoek and David R. Karger},
  title     = {Koorde: A simple degree-optimal distributed hash table},
  booktitle = {Proc. of the 2nd International Workshop on Peer-to-Peer Systems (IPTPS'03)},
  year      = {2003}
}

@InProceedings{Bruijn46DeBruijn,
  author    = {N. De Bruijn},
  title     = {A combinatorial problem},
  booktitle = {Proc. Koninklijke Nederlandse Akademie van Wetenschappen},
  year      = {1946}
}
